@article{rozon96,
    author = {Rozon, Eric},
    year = {1996},
    journal = {My Own Fancy Journal},
    title = {A Fantastic Reference},
}

